@inproceedings{minatoZDDintro,
  title={{Zero-suppressed BDDs for set manipulation in combinatorial problems}},
  author={Minato, Shin-ichi},
  booktitle={Proceedings of the 30th international Design Automation Conference},
  pages={272--277},
  year={1993},
  organization={ACM}
}

@article{morrisonIndSet,
  title={{Characteristics of the maximal independent set ZDD}},
  author={Morrison, David R and Sewell, Edward C and Jacobson, Sheldon H},
  journal={Journal of Combinatorial Optimization},
  volume={28},
  number={1},
  pages={121--139},
  year={2014},
  publisher={Springer}
}

@article{schroerKnightTour,
  title={{The theory of zero-suppressed BDDs and the number of knight's tours}},
  author={Schr{\"o}er, Olaf and Wegener, Ingo},
  journal={Formal Methods in System Design},
  volume={13},
  number={3},
  pages={235--253},
  year={1998},
  publisher={Springer}
}

@inproceedings{coudertGraphOptimization,
  title={{Solving graph optimization problems with ZBDDs}},
  author={Coudert, Olivier},
  booktitle={European Design and Test Conference, 1997. ED\&TC 97. Proceedings},
  pages={224--228},
  year={1997},
  organization={IEEE}
}

@misc{logicandproof,
  title={{Cambridge University Part IB Logic and Proof Course notes}},
  author={Paulson L},
  year=2016
}

@misc{advancedalgos,
  title={{Cambridge University Part II Advanced Algorithms course}},
  author={Sauerwald T},
  year=2017
}

@misc{garyComplexity,
  title={{Computers and Intractability: A Guide to the Theory of NP-completeness}},
  author={Gary, Michael R and Johnson, David S},
  year={1979},
  publisher={WH Freeman and Company, New York}
}

@book{taocp,
  title={{The Art of Computer Programming}},
  author={Knuth D},
  vol={4A},
  year={2005},
  publisher={Addison-Wesley}
}

@article{minatoZDDhist,
  title={{Techniques of BDD/ZDD: brief history and recent activity}},
  author={Minato, Shin-ichi},
  journal={IEICE TRANSACTIONS on Information and Systems},
  volume={96},
  number={7},
  pages={1419--1429},
  year={2013},
  publisher={The Institute of Electronics, Information and Communication Engineers}
}

@misc{stanfordZDD,
  title={{ZDDs}},
  author={Lynn B},
  howpublished={\url{https://crypto.stanford.edu/pbc/notes/zdd/}},
  note = {Accessed: 2017-05-17}
}